<record><leader>00000cas a22000007a 4500</leader><controlfield tag="001">15602795</controlfield><controlfield tag="008">870428d18981898iaudn ne      0    0eng d</controlfield><datafield ind1=" " ind2=" " tag="010"><subfield code="a">sn 87057409 </subfield></datafield><datafield ind1=" " ind2=" " tag="040"><subfield code="a">INP</subfield><subfield code="b">eng</subfield><subfield code="c">INP</subfield><subfield code="d">OCLCQ</subfield></datafield><datafield ind1=" " ind2=" " tag="042"><subfield code="a">msc</subfield></datafield><datafield ind1="0" ind2="4" tag="245"><subfield code="a">The Clarinda daily journal.</subfield></datafield><datafield ind1=" " ind2=" " tag="260"><subfield code="a">Clarinda, Iowa :</subfield><subfield code="b">Kenea &amp; Lane,</subfield><subfield code="c">1898.</subfield></datafield><datafield ind1=" " ind2=" " tag="300"><subfield code="a">1 v.</subfield></datafield><datafield ind1=" " ind2=" " tag="310"><subfield code="a">Daily (except Friday and Sunday)</subfield></datafield><datafield ind1="0" ind2=" " tag="362"><subfield code="a">Vol. 1, no. 1 (Apr. 25, 1898)-v. 1, no. 44 (June 23, 1898).</subfield></datafield><datafield ind1=" " ind2=" " tag="752"><subfield code="a">United States</subfield><subfield code="b">Iowa</subfield><subfield code="c">Page</subfield><subfield code="d">Clarinda.</subfield></datafield><datafield ind1="0" ind2=" " tag="775"><subfield code="t">Clarinda journal (Clarinda, Iowa : 1893)</subfield><subfield code="w">(DLC)sn 87057410</subfield></datafield></record>